<record><leader>01885ccm a2200385 a 4500</leader><controlfield tag="001">1338676</controlfield><controlfield tag="008">901126s1985    gw coau  hi    n    ||| d</controlfield><datafield ind1=" " ind2=" " tag="010"><subfield code="a">   87753229 /M</subfield></datafield><datafield ind1=" " ind2=" " tag="035"><subfield code="a">ocm12869039</subfield></datafield><datafield ind1=" " ind2=" " tag="040"><subfield code="a">DLC</subfield><subfield code="b">eng</subfield><subfield code="c">DLC</subfield></datafield><datafield ind1="0" ind2=" " tag="041"><subfield code="g">ger</subfield></datafield><datafield ind1="2" ind2=" " tag="045"><subfield code="b">d1760</subfield><subfield code="b">d1780</subfield></datafield><datafield ind1=" " ind2=" " tag="048"><subfield code="b">wa01</subfield><subfield code="b">wb01</subfield><subfield code="b">wd01</subfield><subfield code="a">oa</subfield></datafield><datafield ind1=" " ind2=" " tag="048"><subfield code="b">wa01</subfield><subfield code="b">sa02</subfield><subfield code="b">sc01</subfield><subfield code="a">oa</subfield></datafield><datafield ind1=" " ind2=" " tag="048"><subfield code="b">wa02</subfield><subfield code="b">sa02</subfield><subfield code="b">sc01</subfield><subfield code="a">oa</subfield></datafield><datafield ind1=" " ind2=" " tag="048"><subfield code="b">wb01</subfield><subfield code="b">sa01</subfield><subfield code="b">sc01</subfield><subfield code="b">ka01</subfield><subfield code="a">oa</subfield></datafield><datafield ind1=" " ind2=" " tag="049"><subfield code="a">AEU</subfield><subfield code="b">eng</subfield></datafield><datafield ind1="0" ind2="0" tag="050"><subfield code="a">M2</subfield><subfield code="b">.E68 Bd. 56</subfield><subfield code="a">M1004.5</subfield></datafield><datafield ind1="0" ind2=" " tag="090"><subfield code="a">M 2 E65 Bd.056 folio</subfield></datafield><datafield ind1="1" ind2=" " tag="100"><subfield code="a">Bach, Johann Christian,</subfield><subfield code="d">1735-1782.</subfield></datafield><datafield ind1="1" ind2="0" tag="240"><subfield code="a">Concertos.</subfield><subfield code="k">Selections</subfield></datafield><datafield ind1="0" ind2="0" tag="245"><subfield code="a">Ensemble-Konzerte</subfield><subfield code="h">[music] /</subfield><subfield code="c">Johann Christian Bach ; herausgegeben von Edwin J. Simon.</subfield></datafield><datafield ind1=" " ind2=" " tag="260"><subfield code="a">Wiesbaden :</subfield><subfield code="b">Breitkopf &amp; H&#228;rtel,</subfield><subfield code="c">1985.</subfield></datafield><datafield ind1=" " ind2=" " tag="300"><subfield code="a">1 score (xii, 199 p.) :</subfield><subfield code="b">facsims. ;</subfield><subfield code="c">33 cm.</subfield></datafield><datafield ind1=" " ind2=" " tag="336"><subfield code="a">notated music</subfield><subfield code="b">ntm</subfield><subfield code="2">rdacontent</subfield></datafield><datafield ind1=" " ind2=" " tag="337"><subfield code="a">unmediated</subfield><subfield code="b">n</subfield><subfield code="2">rdamedia</subfield></datafield><datafield ind1="1" ind2=" " tag="490"><subfield code="a">Das Erbe deutscher Musik ;</subfield><subfield code="v">Bd. 56.</subfield><subfield code="a">Abteilung Orchestermusik ;</subfield><subfield code="v">6. Bd.</subfield></datafield><datafield ind1=" " ind2=" " tag="500"><subfield code="a">The 1st work for flute, oboe, bassoon, and orchestra; the 2nd for flute, 2 violins, violoncello, and orchestra; the 3rd for 2 flutes, 2 violins, violoncello, and orchestra; the 4th for oboe, violin, violoncello, piano, and orchestra.</subfield></datafield><datafield ind1=" " ind2=" " tag="500"><subfield code="a">Edited from the holograph score of the 3rd work and ms. parts for the 2nd in the F&#252;rstlich Thurn und Taxissche Hofbibliothek Regensburg (J. Chr. Bach 4-5) and ms. parts for all 4 works in the British Library, London (RM 21.a. 5-7).</subfield></datafield><datafield ind1="0" ind2=" " tag="505"><subfield code="a">Concerto in Es (Terry 290/8) -- Concerto in E (Terry 290/9) -- Concertino in D (Terry 290/7) -- Concerto in B (Terry 289/5).</subfield></datafield><datafield ind1=" " ind2=" " tag="596"><subfield code="a">43</subfield></datafield><datafield ind1=" " ind2="0" tag="650"><subfield code="a">Concertos</subfield><subfield code="v">Scores.</subfield></datafield><datafield ind1="1" ind2=" " tag="700"><subfield code="a">Simon, Edwin J.</subfield></datafield><datafield ind1=" " ind2="0" tag="830"><subfield code="a">Erbe deutscher Musik ;</subfield><subfield code="v">56.</subfield></datafield><datafield ind1=" " ind2=" " tag="926"><subfield code="a">M 2 E65 Bd.056 folio</subfield><subfield code="w">LC</subfield><subfield code="c">1</subfield><subfield code="i">000035029404</subfield><subfield code="d">1/9/2017</subfield><subfield code="e">1/5/2017</subfield><subfield code="l">MUSIC</subfield><subfield code="m">UAHSS</subfield><subfield code="n">1</subfield><subfield code="p">$150.00</subfield><subfield code="r">Y</subfield><subfield code="s">Y</subfield><subfield code="t">MUSICSCORE</subfield><subfield code="u">11/28/1990</subfield></datafield></record>